<?xml version="1.0" encoding="UTF-8"?><collection xmlns="http://www.loc.gov/MARC21/slim"><record><leader>00356nam--2200121-i-4500</leader><controlfield tag="001">000048965</controlfield><controlfield tag="002">20161230</controlfield><controlfield tag="005">20161230201047</controlfield><controlfield tag="008">060222s1000------------r-----000-0-eng-d</controlfield><datafield ind1=" " ind2=" " tag="245"><subfield code="a">The radiochemical centre: rewiew 17: sample preparation liquid scientillation counting</subfield></datafield><datafield ind1=" " ind2=" " tag="260"><subfield code="a">Amersham, Rhe Radiochemical Centre, 1968</subfield></datafield><datafield ind1=" " ind2=" " tag="700"><subfield code="a">Peng,C.T</subfield></datafield><datafield ind1=" " ind2=" " tag="852"><subfield code="a">28595</subfield></datafield></record></collection>